@online{cpp,
  author = {W3Schools},
  title = {{C++} Introduction},
  year = 2022,
  url = {https://www.w3schools.com/cpp/cpp_intro.asp},
  urldate = {2022-09-07}
}
@online{qt,
  author = {Qt},
  title = {About Qt},
  year = 2022,
  url = {https://wiki.qt.io/About_Qt},
  urldate = {2022-09-07}
}
@online{cmake,
  author = {CMake},
  title = {About CMake},
  year = 2022,
  url = {https://cmake.org/overview/},
  urldate = {2022-09-07}
}
@online{octree,
  author = {FER},
  title = {Oktalno stablo},
  url = {http://www.zemris.fer.hr/predmeti/rg/diplomski/08Obradovic/oktalno.html},
  urldate = {2022-09-08}
}
@article{spatialhashing,
  author = {"Matthias Teschner"},
  title = {"Optimized Spatial Hashing for Collision Detection of Deformable Objects"},
  url = {https://matthias-research.github.io/pages/publications/tetraederCollision.pdf},
  year = 2003
}
@online{gamedev,
  author = {Tristam MacDonald},
  title = {Spatial Hashing},
  url = {https://www.gamedev.net/tutorials/programming/general-and-gameplay-programming/spatial-hashing-r2697/},
  year = 2009,
  urldate = {2022-09-08}
}